@inproceedings{xgpaper,
  author = {Chen, Tianqi and Guestrin, Carlos},
  title = {XGBoost: A Scalable Tree Boosting System},
  year = {2016},
  isbn = {9781450342322},
  publisher = {Association for Computing Machinery},
  address = {New York, NY, USA},
  url = {https://dl.acm.org/doi/10.1145/2939672.2939785},
  doi = {10.1145/2939672.2939785},
  booktitle = {Proceedings of the 22nd ACM SIGKDD International Conference on Knowledge Discovery and Data Mining},
  pages = {785–794},
  numpages = {10},
  keywords = {large-scale machine learning},
  location = {San Francisco, California, USA},
  series = {KDD '16}
}

@Manual{xgpackage,
    title = {xgboost: Extreme Gradient Boosting},
    author = {Tianqi Chen and Tong He and Michael Benesty and Vadim Khotilovich and Yuan Tang and Hyunsu Cho and Kailong Chen and Rory Mitchell and Ignacio Cano and Tianyi Zhou and Mu Li and Junyuan Xie and Min Lin and Yifeng Geng and Yutian Li},
    year = {2021},
    note = {R package version 1.4.1.1},
    url = {https://CRAN.R-project.org/package=xgboost},
  }
  
@Manual{rcite,
    title = {R: A Language and Environment for Statistical Computing},
    author = {{R Core Team}},
    organization = {R Foundation for Statistical Computing},
    address = {Vienna, Austria},
    year = {2021},
    url = {https://www.R-project.org/},
  }


@Manual{tidymodels,
    title = {Tidymodels: a collection of packages for modeling and machine learning using tidyverse principles.},
    author = {Max Kuhn and Hadley Wickham},
    url = {https://www.tidymodels.org},
    year = {2020},
  }

@article{lassopaper,
  added-at = {2009-04-04T18:01:35.000+0200},
  author = {Tibshirani, R.},
  biburl = {https://www.bibsonomy.org/bibtex/290e648276aa6cd3c601e7c0a54366233/dieudonnew},
  interhash = {334927808d42a9a6bf8eae717fed41b3},
  intrahash = {90e648276aa6cd3c601e7c0a54366233},
  journal = {Journal of the Royal Statistical Society (Series B)},
  keywords = {imported},
  pages = {267-288},
  timestamp = {2009-04-04T18:01:35.000+0200},
  title = {Regression Shrinkage and Selection via the Lasso},
  volume = 58,
  year = 1996
}

@Article{glmnet,
    title = {Regularization Paths for Generalized Linear Models via Coordinate Descent},
    author = {Jerome Friedman and Trevor Hastie and Robert Tibshirani},
    journal = {Journal of Statistical Software},
    year = {2010},
    volume = {33},
    number = {1},
    pages = {1--22},
    url = {https://www.jstatsoft.org/v33/i01/},
}

@inproceedings{shap,
author = {Lundberg, Scott M. and Lee, Su-In},
title = {A Unified Approach to Interpreting Model Predictions},
year = {2017},
isbn = {9781510860964},
publisher = {Curran Associates Inc.},
address = {Red Hook, NY, USA},
booktitle = {Proceedings of the 31st International Conference on Neural Information Processing Systems},
pages = {4768–4777},
numpages = {10},
location = {Long Beach, California, USA},
series = {NIPS'17}
}

@article{smote,
author = {Chawla, Nitesh V. and Bowyer, Kevin W. and Hall, Lawrence O. and Kegelmeyer, W. Philip},
title = {SMOTE: Synthetic Minority over-Sampling Technique},
year = {2002},
issue_date = {January 2002},
publisher = {AI Access Foundation},
address = {El Segundo, CA, USA},
volume = {16},
number = {1},
issn = {1076-9757},
journal = {J. Artif. Int. Res.},
month = {jun},
pages = {321–357},
numpages = {37}
}

@Article{tidygeocoder,
    title = {tidygeocoder: An R package for geocoding},
    author = {Jesse Cambon and Diego Hernangómez and Christopher Belanger and Daniel Possenriede},
    year = {2021},
    journal = {Journal of Open Source Software},
    publisher = {The Open Journal},
    doi = {10.21105/joss.03544},
    url = {https://doi.org/10.21105/joss.03544},
    volume = {6},
    number = {65},
    pages = {3544},
    note = {R package version 1.0.5},
}

@Manual{themis,
    title = {themis: Extra Recipes Steps for Dealing with Unbalanced Data},
    author = {Emil Hvitfeldt},
    year = {2021},
    note = {R package version 0.1.4},
    url = {https://CRAN.R-project.org/package=themis},
}

@book{shapley,
author="Shapley, Lloyd S.",
title="Notes on the N-Person Game - {I}: Characteristic-Point Solutions of the Four-Person Game",
address="Santa Monica, CA",
year="1951",
doi="10.7249/RM0656",
publisher="RAND Corporation"
}


@misc{census,
  title = {Wisconsin Population Increased 3.6% Since 2010},
  author = {{U.S. Census Bureau}},
  year = {2021},
  url = {https://www.census.gov/library/stories/state-by-state/wisconsin-population-change-between-census-decade.html}
}

@misc{chicago,
  title = {Racial Inequality In How Chicago-Area Homes Are Valued Is Increasing},
  author = {Natalie Moore},
  year = {2021},
  url = {https://www.wbez.org/stories/racial-inequality-in-how-chicago-area-homes-are-valued-is-increasing/241643ab-6cba-4646-9660-af4f26acc6d8}
}




